@article{hinton2015distilling,
  title={Distilling the Knowledge in a Neural Network},
  author={Hinton, Geoffrey},
  journal={arXiv preprint arXiv:1503.02531},
  year={2015}
}

@article{romero2014fitnets,
  title={Fitnets: Hints for thin deep nets},
  author={Romero, Adriana and Ballas, Nicolas and Kahou, Samira Ebrahimi and Chassang, Antoine and Gatta, Carlo and Bengio, Yoshua},
  journal={arXiv preprint arXiv:1412.6550},
  year={2014}
}

@article{sanh2019distilbert,
  title={DistilBERT, a distilled version of BERT: smaller, faster, cheaper and lighter},
  author={Sanh, V},
  journal={arXiv preprint arXiv:1910.01108},
  year={2019}
}

@article{shleifer2020pre,
  title={Pre-trained summarization distillation},
  author={Shleifer, Sam and Rush, Alexander M},
  journal={arXiv preprint arXiv:2010.13002},
  year={2020}
}

@article{han2015learning,
  title={Learning both weights and connections for efficient neural network},
  author={Han, Song and Pool, Jeff and Tran, John and Dally, William},
  journal={Advances in neural information processing systems},
  volume={28},
  year={2015}
}

@article{michel2019sixteen,
  title={Are sixteen heads really better than one?},
  author={Michel, Paul and Levy, Omer and Neubig, Graham},
  journal={Advances in neural information processing systems},
  volume={32},
  year={2019}
}

@article{sanh2020movement,
  title={Movement pruning: Adaptive sparsity by fine-tuning},
  author={Sanh, Victor and Wolf, Thomas and Rush, Alexander},
  journal={Advances in neural information processing systems},
  volume={33},
  pages={20378--20389},
  year={2020}
}

@inproceedings{zafrir2019q8bert,
  title={Q8bert: Quantized 8bit bert},
  author={Zafrir, Ofir and Boudoukh, Guy and Izsak, Peter and Wasserblat, Moshe},
  booktitle={2019 Fifth Workshop on Energy Efficient Machine Learning and Cognitive Computing-NeurIPS Edition (EMC2-NIPS)},
  pages={36--39},
  year={2019},
  organization={IEEE}
}

@article{zhang2020ternarybert,
  title={Ternarybert: Distillation-aware ultra-low bit bert},
  author={Zhang, Wei and Hou, Lu and Yin, Yichun and Shang, Lifeng and Chen, Xiao and Jiang, Xin and Liu, Qun},
  journal={arXiv preprint arXiv:2009.12812},
  year={2020}
}

@misc{gokaslan2019openwebtext,
	title={OpenWebText Corpus},
	author={Aaron Gokaslan and Vanya Cohen},
	url={http://Skylion007.github.io/OpenWebTextCorpus},
	year={2019}
}

@inproceedings{wolf2020transformers,
  title={Transformers: State-of-the-art natural language processing},
  author={Wolf, Thomas and Debut, Lysandre and Sanh, Victor and Chaumond, Julien and Delangue, Clement and Moi, Anthony and Cistac, Pierric and Rault, Tim and Louf, R{\'e}mi and Funtowicz, Morgan and others},
  booktitle={Proceedings of the 2020 conference on empirical methods in natural language processing: system demonstrations},
  pages={38--45},
  year={2020}
}

@article{lewis2019bart,
  title={Bart: Denoising sequence-to-sequence pre-training for natural language generation, translation, and comprehension},
  author={Lewis, Mike and Liu, Yinhan and Goyal, Naman and Ghazvininejad, Marjan and Mohamed, Abdelrahman and Levy, Omer and Stoyanov, Veselin and Zettlemoyer, Luke},
  journal={arXiv preprint arXiv:1910.13461},
  year={2019}
}

@article{radford2019language,
  title={Language models are unsupervised multitask learners},
  author={Radford, Alec and Wu, Jeffrey and Child, Rewon and Luan, David and Amodei, Dario and Sutskever, Ilya and others},
  journal={OpenAI blog},
  volume={1},
  number={8},
  pages={9},
  year={2019}
}
